2492 4150
424 387 441 492 l
512 390 553 464 Μ’
623 387 638 489 )

111 595 185 660 Nec
200 613 290 674 mora
301 613 311 666 ς
323 561 448 674 quisque
463 586 530 650 suos
542 608 651 660 mores,
665 583 861 674 animumque
870 585 966 664 lateri,

112 708 343 796 Ingeniumque
356 703 448 788 sequi,
469 701 663 788 propriaeque
687 699 840 786 accingier
852 702 918 764 arti.

113 823 188 884 Pars
204 812 304 881 aciem
319 812 487 886 instituunt,
508 827 539 877 et
548 799 628 896 jullo
643 809 785 896 utrinque
799 812 961 898 phalanges

113 926 252 1000 Ordine,
263 901 305 987 'et
319 921 449 988 adversae
460 921 566 1007 positis
582 920 657 982 llant
671 918 798 983 sortibus
808 921 874 984 alae.

114 1041 179 1106 His
190 1038 289 1112 datur,
310 1036 495 1131 Orbic'ulum
506 1032 594 1098 metis
612 1033 775 1120 prohibere
785 1032 974 1120 propinquis,

114 1149 335 1236 Praecipitique
350 1150 450 1214 levem
465 1173 520 1238 per
533 1149 671 1234 gramina
683 1148 803 1210 mittere
828 1147 928 1235 lapsu:

114 1266 173 1332 All
188 1264 272 1340 aliis,
289 1283 417 1348 quorum
431 1261 557 1348 pedibus
574 1258 685 1322 fiducia
699 1260 804 1344 major,

114 1375 272 1441 Excubias
288 1345 397 1458 agitare
412 1394 510 1458 vagas,
533 1369 680 1454 cursuque
691 1370 784 1432 citato

115 1499 245 1574 seetni,
269 1513 299 1560 et
308 1496 373 1581 jam
382 1495 447 1581 jam
462 1495 579 1558 salienti
592 1492 724 1556 insistere
739 1493 870 1579 praedae3

116 1610 223 1695 Usque
238 1606 316 1670 adeo
331 1603 460 1668 stimulat
473 1583 593 1690 rapidus
613 1605 719 1689 globus
734 1605 778 1667 ire
794 1603 934 1691 sequaces
977 1633 982 1640 ·

118 1721 260 1808 Ancipiti
277 1719 316 1782 de
331 1719 423 1794 colle,
446 1717 577 1804 pilaeque
589 1711 734 1783 volubilis
748 1742 841 1788 error,

116 1835 184 1896 Aut
197 1832 383 1895 volitantem
405 1830 472 1904 alre,
501 1829 653 1915 longeque
665 1852 723 1917 per
735 1853 803 1895 aera
827 1831 948 1918 pulsum

119 1935 306 2024 Sulpicium,
330 1934 500 2022 pronosque
514 1927 634 2001 initiant
645 1951 825 2020 captamque
842 1939 970 2014 volatus,

120 2051 393 2118 Sortitisortunam
410 2049 508 2115 oculis
515 2074 530 2126 ς,
549 2049 747 2136 manibusque
759 2051 869 2137 paratis

118 2167 292 2255 Expellam
318 2164 504 2251 propiorem,
527 2166 787 2252 intercipiuntque
802 2170 962 2237 caducum.

161 2338 206 2401 At
219 2352 305 2427 pater
315 2334 440 2399 Ichinus
454 2333 628 2411 viridantes,
659 2334 786 2423 vallibus
800 2337 879 2431 imit,
904 2310 908 2316 .

120 2446 195 2533 Qud
206 2444 307 2508 reficit
320 2442 432 2521 salices,
446 2444 596 2510 subduttae
611 2446 644 2509 in
665 2447 800 2533 margine
812 2448 899 2535 ripae,
968 2433 972 2440 ³

119 2564 190 2626 Pars
204 2576 330 2649 vegetos
344 2560 459 2624 nudant
470 2576 558 2637 artus,
582 2578 612 2626 et
626 2561 754 2627 flumina
767 2562 841 2627 saltu

118 2680 248 2747 Summa
260 2692 382 2767 petunt:
400 2675 528 2765 jamque
549 2677 671 2745 altemir
684 2678 841 2767 placidum
854 2680 963 2758 islibur

290 2810 397 2875 aequor

116 2910 155 2973 In
166 2930 340 2985 numerum,
353 2906 540 2999 pedibusque
553 2910 665 2991 secant,
679 2927 710 2976 et
719 2912 834 3004 remige
840 2912 964 3010 plantlrg

115 3027 250 3116 Jamque
264 3024 330 3117 ipso
341 3024 464 3113 penitus
475 3044 651 3117 merguntur
658 3030 785 3121 gurgite,
804 3053 904 3119 prono
958 3078 962 3085 -

117 3139 271 3252 Corpore,
285 3139 504 3229 spumantemq3
513 3142 685 3212 undamsub
693 3147 808 3213 vertice
817 3163 961 3234 torquent

779 3314 958 3404 Praecipitet
