2492 4150
408 437 618 578 lta)

104 669 166 742 Sed
181 669 253 759 quis
278 673 336 737 erit
357 673 476 752 modus,
501 692 550 740 aut
566 697 627 760 quo
653 695 736 768 nune
754 675 921 744 certamine

237 793 341 856 tanto?

75 911 150 976 llicet
165 909 232 997 ipsa
259 907 337 972 fides
352 907 429 972 nihil
444 907 486 972 est
501 907 556 972 nifi
571 929 688 972 nornen
710 907 812 988 inane,
894 987 901 1005 .

75 1027 96 1089 ii
107 1025 230 1112 quoties
244 1021 368 1088 dubiam
382 1021 472 1086 traxit
486 1021 634 1087 sententia
663 1040 814 1104 mentem,

75 1150 129 1237 lnn
138 1152 265 1216 clavum
274 1149 327 1214 fibi
339 1150 464 1236 quisque
477 1169 583 1239 petant
598 1154 673 1241 (hen
683 1153 791 1241 sponte
802 1156 919 1222 carinas

75 1269 213 1334 terrentes
229 1266 262 1330 in
277 1267 345 1330 laxa
367 1263 441 1340 suasl
456 1267 603 1334 &amore
625 1269 758 1335 docendi

75 1388 199 1451 ‚³rivatos
216 1384 336 1449 animos
350 1383 383 1447 in
397 1381 519 1472 publica
532 1384 643 1448 damna
656 1383 794 1470 fatigent.

102 1557 146 1621 At
160 1578 221 1620 nos
236 1549 355 1639 relligio
370 1575 433 1618 non
456 1554 506 1618 tali
534 1555 601 1641 lege
628 1556 785 1640 gubernat,

75 1668 124 1734 l'ec
140 1689 185 1745 te,
221 1667 311 1742 larse,
327 1667 380 1730 suo
391 1665 505 1732 dudum
521 1668 572 1732 sub
587 1667 711 1754 pellore
725 1667 814 1744 lorit,

75 1781 102 1850 lt
115 1785 264 1851 conculla
285 1783 360 1846 fides
374 1783 428 1848 sul>
441 1783 603 1850 defensore
619 1785 749 1850 vacillet.
847 1871 856 1885 1

75 1901 113 1964 lla
126 1891 256 1986 quidem
272 1921 344 1962 vera
366 1898 420 1974 est,
438 1867 469 1962 82
483 1919 571 1962 veros
582 1898 643 1964 elle
657 1898 812 1964 ministros

75 2015 206 2092 .³ollulat,
223 2012 337 2079 interni
353 2012 453 2079 sensns
474 2013 639 2101 interprete
659 2009 765 2099 linguei

76 2123 200 2193 ltentes.
226 2121 314 2209 Quid
326 2124 410 2187 eninr
424 2146 515 2191 voces
529 2144 634 2189 natura
646 2127 785 2203 docebat,

78 2236 127 2320 pla
150 2234 228 2321 quid
243 2234 353 2300 utilitas
369 2236 509 2319 exprellrt
526 2236 655 2299 nomina
668 2258 784 2311 rernm3
803 2272 811 2283 ·

79 2350 96 2409 :i
110 2350 200 2413 liceat
215 2347 279 2411 stne
292 2362 396 2411 mente
411 2346 500 2412 sonos
515 2348 654 2412 emittere
669 2348 785 2427 lrnstri,

80 2468 201 2531 Vocibus
216 2465 249 2527 ἃ
263 2464 340 2527 fietis
355 2486 444 2528 veros
459 2464 629 2552 deperdere
644 2465 769 2549 sensus?

83 2583 110 2646 ic
125 2584 189 2647 cito
201 2582 322 2667 relligio
335 2604 403 2665 quae
417 2582 527 2668 gaudet
554 2582 689 2668 srmplice
709 2586 805 2662 cultu,

84 2698 206 2759 rdneret
221 2692 338 2780 species
363 2694 468 2768 varias,
491 2692 629 2757 &mille
653 2694 771 2781 figuras,

85 2808 168 2871 ellna
190 2808 361 2871 multorum
376 2807 520 2894 capitum,
543 2808 595 2871 fibi
611 2807 742 2871 discolor
758 2806 824 2895 ipsi.

87 2946 122 2987 ee
137 2924 251 2988 melius
265 2922 444 2991 monstraret
463 2922 521 2991 iter
534 2926 640 2990 divina
659 2925 794 3003 lucerna,

90 3058 163 3099 nam
176 3036 289 3101 dubius
303 3035 458 3123 seruosque
480 3036 570 3124 ignis,
596 3038 649 3123 qni
664 3036 742 3125 saepe
757 3063 811 3133 per
823 3038 910 3132 'agros

89 3148 265 3234 elertosque
281 3149 367 3213 locos
380 3149 517 3215 sublustri
532 3151 630 3215 noetis
640 3152 673 3215 in
688 3155 796 3218 umbri

91 3278 204 3327 cautos
218 3261 363 3327 homines
387 3261 527 3329 mendaci
553 3264 671 3329 lumine
696 3265 781 3333 fallit.

733 3508 737 3516 '
785 3426 908 3492 interea
