2492 4150
476 413 677 518 (¹53)

139 613 239 687 Exul,
255 632 366 688 caecus,
382 609 480 695 inops.
502 611 645 678 &multo
659 613 785 677 vulnere
795 613 903 690 tardus,

140 727 291 794 Crudelis
306 727 412 790 Patriae
424 726 526 806 decus,
548 729 776 815 opprobriumq3
791 729 905 813 pericla

139 843 207 916 c'ui
223 852 432 916 mendicatum
445 852 499 918 vix
513 855 651 941 praebent
663 852 779 943 garrula
794 873 916 940 panem.

86 1113 92 1120 U
188 1023 267 1086 Heu
281 1020 449 1086 miserande
460 1008 581 1088 Senexl
595 1023 658 1111 qub
669 1038 714 1088 tot
724 1021 835 1088 cellere
842 1021 987 1110 triumphi

142 1139 340 1205 Barbaricam
354 1136 478 1212 rabiem,
500 1137 531 1200 &
543 1139 696 1204 Gothicos
710 1134 828 1224 fregisse
842 1135 966 1206 furores.

142 1268 175 1331 Si
193 1265 319 1330 tandem
333 1263 371 1326 de
385 1261 433 1326 Te
449 1261 558 1326 vislrix
573 1261 699 1350 impunb
713 1257 880 1345 triumphet

143 1387 281 1463 invidia,
304 1385 334 1448 8<
349 1385 428 1449 saevo
442 1387 523 1450 tabes
536 1370 650 1474 ingrata
664 1406 786 1449 veneno

145 1502 270 1566 inficiat
284 1501 407 1586 palmas,
426 1498 607 1584 viridesq;in
622 1497 737 1564 vertice
752 1495 867 1560 lauros?

146 1625 199 1686 Sic
212 1639 253 1696 te,
277 1620 441 1693 Miltiade-t,
463 1641 632 1704 quanquam
650 1617 878 1682 Marathonisin
893 1617 972 1682 arvis

145 1732 281 1797 Servasti
293 1731 417 1796 obsessas
431 1729 602 1793 fortissimus
614 1729 692 1790 ultor
706 1727 853 1804 Athenas,

147 1845 306 1931 inscriptae
318 1842 440 1905 tandem
454 1843 631 1928 expulerant
641 1839 774 1926 suffragia
790 1841 884 1906 tellae.

145 1959 195 2022 Te
210 1956 318 2043 procul
333 1953 456 2041 ipatriai
473 1952 588 2016 crudeli
603 1971 701 2015 morte
716 1951 833 2038 peretlit

146 2071 293 2145 Dedecus
308 2069 402 2145 exilii,
424 2066 562 2152 dirusque
578 2067 609 2131 in
625 2090 743 2133 carcere
756 2065 854 2137 littur.

144 2200 203 2263 -1
219 2221 312 2273 nunc,
334 2197 365 2259 &
377 2197 465 2261 samae
480 2195 580 2282 specie
594 2194 708 2271 laetere,
726 2194 841 2259 futuros

145 2313 254 2398 Quem
269 2309 346 2397 rapit
360 2309 396 2372 ad
411 2308 492 2373 casus
503 2309 618 2373 milerae
632 2308 678 2371 vis
691 2308 775 2372 insita
789 2307 896 2383 laudis,
959 2330 961 2337 ’

146 2436 192 2500 Ut
207 2436 331 2499 tandem
346 2435 445 2499 varios
460 2452 547 2499 terrae
562 2434 710 2522 pontique
724 2434 840 2498 labores

144 2562 294 2627 Emensus
308 2561 422 2649 pislura
432 2561 572 2648 loquens,
598 2575 648 2624 aut
663 2560 760 2623 sabula
771 2558 834 2623 lias,

145 2684 200 2748 All
216 2683 275 2747 erit
286 2682 335 2745 illa
347 2683 411 2746 dier
426 2704 499 2745 cum
515 2682 618 2768 plenas
632 2680 768 2767 improba
782 2701 900 2767 prunas,

89 2889 93 2895 η
145 2812 257 2886 Roma,
281 2808 375 2886 dabis,
396 2831 465 2872 curn
481 2831 555 2873 mox
570 2807 716 2895 Scythico
725 2805 851 2869 collecla
865 2804 983 2873 subare

141 2923 321 3011 Tempestas
328 2939 395 2987 ruet
402 2944 565 2999 armorum.
585 2920 795 3003 horrescetque
809 2920 965 2999 tumultuq

142 3038 275 3103 Barbara
289 3061 359 3103 cum
372 3039 430 3102 late
443 3036 596 3102 Ausonios
607 3034 798 3125 populabitur
811 3056 897 3123 agros

141 3148 270 3231 Turma‚
292 3153 397 3217 necin
412 3154 512 3219 Roma
532 3150 650 3242 linquet
670 3148 793 3238 vestigia
822 3146 940 3217 Romae.

877 3336 985 3425 Quem
